<record><leader>00000cas a22000007a 4500</leader><controlfield tag="001">8817493</controlfield><controlfield tag="008">820929d18811980ksudr ne      0   a0eng  </controlfield><datafield ind1=" " ind2=" " tag="010"><subfield code="a">sn 82015487 </subfield></datafield><datafield ind1=" " ind2=" " tag="040"><subfield code="a">DLC</subfield><subfield code="b">eng</subfield><subfield code="c">DLC</subfield><subfield code="d">NPU</subfield><subfield code="d">NPT</subfield><subfield code="d">UNP</subfield><subfield code="d">DLC</subfield><subfield code="d">YOX</subfield><subfield code="d">MGN</subfield><subfield code="d">DLC</subfield><subfield code="d">NSD</subfield><subfield code="d">CNK</subfield><subfield code="d">DLC</subfield><subfield code="d">OCLCQ</subfield><subfield code="d">DLC</subfield><subfield code="d">KRTAS</subfield><subfield code="d">CUI</subfield><subfield code="d">OCLCQ</subfield><subfield code="d">OCLCF</subfield><subfield code="d">DLC</subfield><subfield code="d">HMM</subfield></datafield><datafield ind1=" " ind2=" " tag="042"><subfield code="a">pcc</subfield></datafield><datafield ind1=" " ind2=" " tag="043"><subfield code="a">n-us-ks</subfield></datafield><datafield ind1="0" ind2="0" tag="050"><subfield code="a">Newspaper</subfield></datafield><datafield ind1=" " ind2="4" tag="050"><subfield code="a">AN</subfield></datafield><datafield ind1="0" ind2="4" tag="245"><subfield code="a">The Topeka daily capital.</subfield></datafield><datafield ind1="1" ind2="3" tag="246"><subfield code="a">Daily capital</subfield></datafield><datafield ind1="1" ind2=" " tag="246"><subfield code="i">Sunday issues for Dec. 25, 1881-Dec. 4, 1887 published as:</subfield><subfield code="a">Topeka Sunday capital</subfield></datafield><datafield ind1="1" ind2=" " tag="246"><subfield code="i">Issues for Dec. 10, 1887-Oct. 31, 1888 published as:</subfield><subfield code="a">Topeka capital</subfield></datafield><datafield ind1="1" ind2=" " tag="246"><subfield code="i">Issues for Nov. 1, 1888-Apr. 27, 1889 published as:</subfield><subfield code="a">Topeka capital-commonwealth</subfield></datafield><datafield ind1="1" ind2=" " tag="246"><subfield code="i">Sunday issues for Sept. 7, 1958-Sept. 1, 1980 published as:</subfield><subfield code="a">Topeka Sunday capital-journal</subfield></datafield><datafield ind1="1" ind2=" " tag="246"><subfield code="i">Saturday issues for May 7, 1977-Sept. 1, 1980 published as:</subfield><subfield code="a">Topeka Saturday capital-journal</subfield></datafield><datafield ind1=" " ind2=" " tag="260"><subfield code="a">Topeka, Kan. :</subfield><subfield code="b">Topeka Daily Capital Pub. Co.,</subfield><subfield code="c">-1980.</subfield></datafield><datafield ind1=" " ind2=" " tag="300"><subfield code="a">v.</subfield></datafield><datafield ind1=" " ind2=" " tag="310"><subfield code="a">Daily</subfield></datafield><datafield ind1="1" ind2=" " tag="362"><subfield code="a">Began in 1881.</subfield></datafield><datafield ind1="0" ind2=" " tag="362"><subfield code="a">-v. 106, no. 306 (Sept. 1, 1980).</subfield></datafield><datafield ind1=" " ind2=" " tag="500"><subfield code="a">Published on Sunday with: Topeka State journal (Topeka, Kan. : Daily)--as: Topeka Sunday capital-journal, Sept. 7, 1958-Sept. 1, 1980; published on Saturday with: Topeka State journal (Topeka, Kan. : Daily) as: Topeka Saturday capital-journal, May 7, 1977-Sept. 1, 1980.</subfield></datafield><datafield ind1=" " ind2=" " tag="500"><subfield code="a">Special annual editions published, Dec. 30, 1905; Dec. 30, 1906; Jan. 1, 1909.</subfield></datafield><datafield ind1=" " ind2=" " tag="500"><subfield code="a">Publisher varies.</subfield></datafield><datafield ind1=" " ind2=" " tag="500"><subfield code="a">Issue for July 23, 1936 classified as a serial in LC.</subfield><subfield code="5">DLC</subfield></datafield><datafield ind1=" " ind2=" " tag="530"><subfield code="a">Available on microfilm from Bell &amp; Howell Information and Learning.</subfield></datafield><datafield ind1=" " ind2=" " tag="580"><subfield code="a">Issued also in various editions.</subfield></datafield><datafield ind1=" " ind2=" " tag="580"><subfield code="a">Merged with: Topeka State journal (Topeka, Kan. : Daily), to become: Topeka capital-journal (Topeka, Kan. : Morning ed.), and: Topeka capital-journal (Topeka, Kan. : Evening ed.).</subfield></datafield><datafield ind1=" " ind2=" " tag="588"><subfield code="a">Description based on: Vol. 3, no. 261 (Nov. 1, 1881).</subfield></datafield><datafield ind1=" " ind2="0" tag="651"><subfield code="a">Topeka (Kan.)</subfield><subfield code="v">Newspapers.</subfield></datafield><datafield ind1=" " ind2="0" tag="651"><subfield code="a">Shawnee County (Kan.)</subfield><subfield code="v">Newspapers.</subfield></datafield><datafield ind1=" " ind2="7" tag="651"><subfield code="a">Kansas</subfield><subfield code="z">Shawnee County.</subfield><subfield code="2">fast</subfield><subfield code="0">(OCoLC)fst01218523</subfield></datafield><datafield ind1=" " ind2="7" tag="651"><subfield code="a">Kansas</subfield><subfield code="z">Topeka.</subfield><subfield code="2">fast</subfield><subfield code="0">(OCoLC)fst01207212</subfield></datafield><datafield ind1=" " ind2="7" tag="655"><subfield code="a">Newspapers.</subfield><subfield code="2">fast</subfield><subfield code="0">(OCoLC)fst01423814</subfield></datafield><datafield ind1=" " ind2=" " tag="752"><subfield code="a">United States</subfield><subfield code="b">Kansas</subfield><subfield code="c">Shawnee</subfield><subfield code="d">Topeka.</subfield></datafield><datafield ind1="0" ind2="8" tag="776"><subfield code="i">Online version:</subfield><subfield code="t">Topeka daily capital (Online)</subfield><subfield code="w">(OCoLC)192107541</subfield></datafield><datafield ind1="0" ind2="0" tag="780"><subfield code="t">Daily capital (Topeka, Kan.)</subfield><subfield code="w">(DLC)sn 85067018</subfield><subfield code="w">(OCoLC)12764805</subfield></datafield><datafield ind1="0" ind2="5" tag="780"><subfield code="t">Daily commonwealth (Topeka, Kan.)</subfield><subfield code="g">Nov. 1, 1888</subfield><subfield code="w">(DLC)sn 85067082</subfield><subfield code="w">(OCoLC)12764866</subfield></datafield><datafield ind1="1" ind2="7" tag="785"><subfield code="t">Topeka State journal</subfield><subfield code="x">2377-7117</subfield><subfield code="w">(DLC)sn 82016014</subfield><subfield code="w">(OCoLC)9124974</subfield></datafield><datafield ind1="1" ind2="7" tag="785"><subfield code="t">Topeka capital-journal (Topeka, Kan. : Morning ed.)</subfield><subfield code="x">1067-1994</subfield><subfield code="w">(DLC)sn 82014720</subfield><subfield code="w">(OCoLC)8787195</subfield></datafield><datafield ind1="1" ind2="7" tag="785"><subfield code="t">Topeka capital-journal (Topeka, Kan. : Evening ed.)</subfield><subfield code="w">(DLC)sn 85067244</subfield><subfield code="w">(OCoLC)12833181</subfield></datafield><datafield ind1=" " ind2=" " tag="938"><subfield code="a">Kirtas Technologies, Inc.</subfield><subfield code="b">KRTS</subfield><subfield code="n">736101</subfield></datafield></record>